<?xml version="1.0" encoding="UTF-8"?>
  <record xmlns="http://www.loc.gov/MARC21/slim" type="Authority">
    <leader>00000nz  a2200000nc 4500</leader>
    <controlfield tag="001">118523139</controlfield>
    <controlfield tag="003">DE-101</controlfield>
    <controlfield tag="005">20220524121703.0</controlfield>
    <controlfield tag="008">880701n||azznnaabn           | aaa    |c</controlfield>
    <datafield tag="024" ind1="7" ind2=" ">
      <subfield code="a">118523139</subfield>
      <subfield code="0">http://d-nb.info/gnd/118523139</subfield>
      <subfield code="2">gnd</subfield>
    </datafield>
    <datafield tag="035" ind1=" " ind2=" ">
      <subfield code="a">(DE-101)118523139</subfield>
    </datafield>
    <datafield tag="035" ind1=" " ind2=" ">
      <subfield code="a">(DE-588)118523139</subfield>
    </datafield>
    <datafield tag="035" ind1=" " ind2=" ">
      <subfield code="z">(DE-588)1089918151</subfield>
    </datafield>
    <datafield tag="035" ind1=" " ind2=" ">
      <subfield code="z">(DE-588)175198284</subfield>
    </datafield>
    <datafield tag="035" ind1=" " ind2=" ">
      <subfield code="z">(DE-588a)175198284</subfield>
      <subfield code="9">v:zg</subfield>
    </datafield>
    <datafield tag="035" ind1=" " ind2=" ">
      <subfield code="z">(DE-588a)118523139</subfield>
      <subfield code="9">v:zg</subfield>
    </datafield>
    <datafield tag="035" ind1=" " ind2=" ">
      <subfield code="z">(DE-588a)119650754</subfield>
    </datafield>
    <datafield tag="035" ind1=" " ind2=" ">
      <subfield code="z">(DE-588c)4010819-3</subfield>
      <subfield code="9">v:zg</subfield>
    </datafield>
    <datafield tag="040" ind1=" " ind2=" ">
      <subfield code="a">DE-101</subfield>
      <subfield code="c">DE-101</subfield>
      <subfield code="9">r:DE-101</subfield>
      <subfield code="b">ger</subfield>
      <subfield code="d">1031</subfield>
    </datafield>
    <datafield tag="042" ind1=" " ind2=" ">
      <subfield code="a">gnd1</subfield>
    </datafield>
    <datafield tag="043" ind1=" " ind2=" ">
      <subfield code="c">XS</subfield>
      <subfield code="c">XU</subfield>
      <subfield code="c">XC-EG</subfield>
    </datafield>
    <datafield tag="065" ind1=" " ind2=" ">
      <subfield code="a">3.6p</subfield>
      <subfield code="2">sswd</subfield>
    </datafield>
    <datafield tag="075" ind1=" " ind2=" ">
      <subfield code="b">p</subfield>
      <subfield code="2">gndgen</subfield>
    </datafield>
    <datafield tag="075" ind1=" " ind2=" ">
      <subfield code="b">piz</subfield>
      <subfield code="2">gndspec</subfield>
    </datafield>
    <datafield tag="079" ind1=" " ind2=" ">
      <subfield code="a">g</subfield>
      <subfield code="q">s</subfield>
      <subfield code="q">f</subfield>
      <subfield code="q">p</subfield>
      <subfield code="q">z</subfield>
      <subfield code="u">v</subfield>
      <subfield code="u">w</subfield>
      <subfield code="u">o</subfield>
      <subfield code="u">k</subfield>
    </datafield>
    <datafield tag="100" ind1="0" ind2=" ">
      <subfield code="a">Cyrillus</subfield>
      <subfield code="c">Alexandrinus</subfield>
      <subfield code="d">380-444</subfield>
    </datafield>
    <datafield tag="375" ind1=" " ind2=" ">
      <subfield code="a">1</subfield>
      <subfield code="2">iso5218</subfield>
    </datafield>
    <datafield tag="377" ind1=" " ind2="7">
      <subfield code="a">grc</subfield>
      <subfield code="2">iso639-2b</subfield>
    </datafield>
    <datafield tag="400" ind1="0" ind2=" ">
      <subfield code="a">Kyrill</subfield>
      <subfield code="c">von Alexandria</subfield>
      <subfield code="d">380-444</subfield>
    </datafield>
    <datafield tag="400" ind1="0" ind2=" ">
      <subfield code="a">Cyrill</subfield>
      <subfield code="c">von Alexandria</subfield>
      <subfield code="d">380-444</subfield>
    </datafield>
    <datafield tag="400" ind1="0" ind2=" ">
      <subfield code="a">Cyrillus</subfield>
      <subfield code="c">von Alexandrien</subfield>
      <subfield code="d">380-444</subfield>
    </datafield>
    <datafield tag="400" ind1="0" ind2=" ">
      <subfield code="a">Kyrillos</subfield>
      <subfield code="c">von Alexandreia</subfield>
      <subfield code="d">380-444</subfield>
    </datafield>
    <datafield tag="400" ind1="0" ind2=" ">
      <subfield code="a">Pseudo-Kyrill</subfield>
      <subfield code="c">von Alexandria</subfield>
      <subfield code="d">380-444</subfield>
    </datafield>
    <datafield tag="400" ind1="0" ind2=" ">
      <subfield code="a">Pseudo-Cyrillus</subfield>
      <subfield code="c">von Alexandrien</subfield>
      <subfield code="d">380-444</subfield>
    </datafield>
    <datafield tag="400" ind1="0" ind2=" ">
      <subfield code="a">Kyrillos</subfield>
      <subfield code="c">Patriarch</subfield>
      <subfield code="d">380-444</subfield>
    </datafield>
    <datafield tag="400" ind1="0" ind2=" ">
      <subfield code="a">Cyrillus</subfield>
      <subfield code="c">Theologus</subfield>
      <subfield code="d">380-444</subfield>
    </datafield>
    <datafield tag="400" ind1="0" ind2=" ">
      <subfield code="a">Cyrillus</subfield>
      <subfield code="c">Episcopus</subfield>
      <subfield code="d">380-444</subfield>
    </datafield>
    <datafield tag="400" ind1="0" ind2=" ">
      <subfield code="a">Cyrillus</subfield>
      <subfield code="c">Archiepiscopus</subfield>
      <subfield code="d">380-444</subfield>
    </datafield>
    <datafield tag="400" ind1="0" ind2=" ">
      <subfield code="a">Cyrillo</subfield>
      <subfield code="c">Alessandrino</subfield>
      <subfield code="d">380-444</subfield>
    </datafield>
    <datafield tag="400" ind1="0" ind2=" ">
      <subfield code="a">Cyril</subfield>
      <subfield code="c">Saint</subfield>
      <subfield code="d">380-444</subfield>
    </datafield>
    <datafield tag="400" ind1="0" ind2=" ">
      <subfield code="a">Cyrillus</subfield>
      <subfield code="c">Scriptor Ecclesiasticus</subfield>
      <subfield code="d">380-444</subfield>
    </datafield>
    <datafield tag="400" ind1="0" ind2=" ">
      <subfield code="a">Kyrillos</subfield>
      <subfield code="c">Kirchenschriftsteller</subfield>
      <subfield code="d">380-444</subfield>
    </datafield>
    <datafield tag="400" ind1="0" ind2=" ">
      <subfield code="a">Cyrillus</subfield>
      <subfield code="c">Saint</subfield>
      <subfield code="d">380-444</subfield>
    </datafield>
    <datafield tag="400" ind1="0" ind2=" ">
      <subfield code="a">Cyrillus</subfield>
      <subfield code="c">Patriarch</subfield>
      <subfield code="d">380-444</subfield>
    </datafield>
    <datafield tag="400" ind1="0" ind2=" ">
      <subfield code="a">Cyrillus</subfield>
      <subfield code="c">of Alexandria</subfield>
      <subfield code="d">380-444</subfield>
    </datafield>
    <datafield tag="400" ind1="0" ind2=" ">
      <subfield code="a">Cirillo</subfield>
      <subfield code="c">di Alessandria</subfield>
      <subfield code="d">380-444</subfield>
    </datafield>
    <datafield tag="400" ind1="0" ind2=" ">
      <subfield code="a">Cirillo</subfield>
      <subfield code="c">Patriarca</subfield>
      <subfield code="d">380-444</subfield>
    </datafield>
    <datafield tag="400" ind1="0" ind2=" ">
      <subfield code="a">Cyrillus</subfield>
      <subfield code="c">Bischof</subfield>
      <subfield code="d">380-444</subfield>
    </datafield>
    <datafield tag="400" ind1="0" ind2=" ">
      <subfield code="a">Kyrillos</subfield>
      <subfield code="d">380-444</subfield>
    </datafield>
    <datafield tag="400" ind1="0" ind2=" ">
      <subfield code="a">Cirillo</subfield>
      <subfield code="c">d'Alessandria</subfield>
      <subfield code="d">380-444</subfield>
    </datafield>
    <datafield tag="400" ind1="0" ind2=" ">
      <subfield code="a">Cyrillus</subfield>
      <subfield code="c">Sanctus</subfield>
      <subfield code="d">380-444</subfield>
    </datafield>
    <datafield tag="400" ind1="1" ind2=" ">
      <subfield code="a">Alexandrinus, Cyrillus</subfield>
      <subfield code="d">380-444</subfield>
    </datafield>
    <datafield tag="400" ind1="0" ind2=" ">
      <subfield code="a">Cyrille</subfield>
      <subfield code="c">dÁlexandrie</subfield>
      <subfield code="d">380-444</subfield>
    </datafield>
    <datafield tag="400" ind1="0" ind2=" ">
      <subfield code="a">Cirillo</subfield>
      <subfield code="c">Alessandrino</subfield>
      <subfield code="d">380-444</subfield>
    </datafield>
    <datafield tag="400" ind1="0" ind2=" ">
      <subfield code="a">Kyrill</subfield>
      <subfield code="c">von Alexandrien</subfield>
      <subfield code="d">380-444</subfield>
    </datafield>
    <datafield tag="400" ind1="0" ind2=" ">
      <subfield code="a">Cyrillus</subfield>
      <subfield code="c">Alexandrinus, Heiliger, Kirchenlehrer, Bischof</subfield>
      <subfield code="d">380-444</subfield>
    </datafield>
    <datafield tag="400" ind1="1" ind2=" ">
      <subfield code="a">Alexandrinus, Cyrillus</subfield>
      <subfield code="c">Heiliger, Kirchenlehrer, Bischof</subfield>
      <subfield code="d">380-444</subfield>
    </datafield>
    <datafield tag="400" ind1="0" ind2=" ">
      <subfield code="a">Cyrillus</subfield>
      <subfield code="c">Sanctus, Heiliger, Kirchenlehrer, Bischof von Alexandrien</subfield>
      <subfield code="d">380-444</subfield>
    </datafield>
    <datafield tag="400" ind1="0" ind2=" ">
      <subfield code="a">Cyrillus</subfield>
      <subfield code="c">Episcopus, Heiliger, Kirchenlehrer, Bischof von Alexandrien</subfield>
      <subfield code="d">380-444</subfield>
    </datafield>
    <datafield tag="400" ind1="0" ind2=" ">
      <subfield code="a">Cyrillus</subfield>
      <subfield code="c">Archiepiscopus Alexandrinus</subfield>
      <subfield code="d">380-444</subfield>
    </datafield>
    <datafield tag="400" ind1="0" ind2=" ">
      <subfield code="a">Cyrill</subfield>
      <subfield code="c">von Alexandrien, Heiliger, Kirchenlehrer, Bischof</subfield>
      <subfield code="d">380-444</subfield>
    </datafield>
    <datafield tag="400" ind1="0" ind2=" ">
      <subfield code="a">Cyrillus</subfield>
      <subfield code="c">von Alexandrien, Heiliger, Kirchenlehrer, Bischof</subfield>
      <subfield code="d">380-444</subfield>
    </datafield>
    <datafield tag="400" ind1="0" ind2=" ">
      <subfield code="a">Kyrillus</subfield>
      <subfield code="c">von Alexandrien, Heiliger, Kirchenlehrer, Bischof</subfield>
      <subfield code="d">380-444</subfield>
    </datafield>
    <datafield tag="400" ind1="0" ind2=" ">
      <subfield code="a">Kyrillos</subfield>
      <subfield code="c">von Alexandreia, Heiliger, Kirchenlehrer, Bischof</subfield>
      <subfield code="d">380-444</subfield>
    </datafield>
    <datafield tag="400" ind1="0" ind2=" ">
      <subfield code="a">Cyril</subfield>
      <subfield code="c">of Alexandria, Heiliger, Kirchenlehrer, Bischof</subfield>
      <subfield code="d">380-444</subfield>
    </datafield>
    <datafield tag="400" ind1="0" ind2=" ">
      <subfield code="a">Cyrille</subfield>
      <subfield code="c">d'Alexandrie, Heiliger, Kirchenlehrer, Bischof</subfield>
      <subfield code="d">380-444</subfield>
    </datafield>
    <datafield tag="400" ind1="0" ind2=" ">
      <subfield code="a">Cirillo</subfield>
      <subfield code="c">d'Alessandria, Heiliger, Kirchenlehrer, Bischof</subfield>
      <subfield code="d">380-444</subfield>
    </datafield>
    <datafield tag="400" ind1="0" ind2=" ">
      <subfield code="a">Cyrill</subfield>
      <subfield code="c">von Alexandrien</subfield>
      <subfield code="d">380-444</subfield>
    </datafield>
    <datafield tag="400" ind1="0" ind2=" ">
      <subfield code="a">Kyrillos</subfield>
      <subfield code="c">von Alexandrien</subfield>
      <subfield code="d">380-444</subfield>
    </datafield>
    <datafield tag="400" ind1="0" ind2=" ">
      <subfield code="a">Pseudo-Cyrillus</subfield>
      <subfield code="c">Alexandrinus</subfield>
      <subfield code="d">380-444</subfield>
    </datafield>
    <datafield tag="400" ind1="0" ind2=" ">
      <subfield code="a">Cyrille</subfield>
      <subfield code="c">d'Alexandrie</subfield>
      <subfield code="d">380-444</subfield>
    </datafield>
    <datafield tag="400" ind1="0" ind2=" ">
      <subfield code="a">Cyril</subfield>
      <subfield code="c">of Alexandria</subfield>
      <subfield code="d">380-444</subfield>
    </datafield>
    <datafield tag="400" ind1="0" ind2=" ">
      <subfield code="a">Cyrillus</subfield>
      <subfield code="c">Patriarcha</subfield>
      <subfield code="d">380-444</subfield>
    </datafield>
    <datafield tag="400" ind1="0" ind2=" ">
      <subfield code="a">Kiwreġ</subfield>
      <subfield code="c">Aġek'sandraci</subfield>
      <subfield code="d">380-444</subfield>
    </datafield>
    <datafield tag="500" ind1="1" ind2=" ">
      <subfield code="0">(DE-101)118519565</subfield>
      <subfield code="0">(DE-588)118519565</subfield>
      <subfield code="0">https://d-nb.info/gnd/118519565</subfield>
      <subfield code="a">Châteillon, Sébastien</subfield>
      <subfield code="d">1515-1563</subfield>
      <subfield code="4">beza</subfield>
      <subfield code="4">https://d-nb.info/standards/elementset/gnd#acquaintanceshipOrFriendship</subfield>
      <subfield code="w">r</subfield>
      <subfield code="i">Bekanntschaft</subfield>
      <subfield code="e">Bekanntschaft</subfield>
      <subfield code="9">v:VD-16 Mitverf.</subfield>
    </datafield>
    <datafield tag="500" ind1="1" ind2=" ">
      <subfield code="0">(DE-101)121144569</subfield>
      <subfield code="0">(DE-588)121144569</subfield>
      <subfield code="0">https://d-nb.info/gnd/121144569</subfield>
      <subfield code="a">Clicthove, Josse</subfield>
      <subfield code="d">1472-1543</subfield>
      <subfield code="4">beza</subfield>
      <subfield code="4">https://d-nb.info/standards/elementset/gnd#acquaintanceshipOrFriendship</subfield>
      <subfield code="w">r</subfield>
      <subfield code="i">Bekanntschaft</subfield>
      <subfield code="e">Bekanntschaft</subfield>
      <subfield code="9">v:VD-16 Mitverf.</subfield>
    </datafield>
    <datafield tag="500" ind1="0" ind2=" ">
      <subfield code="0">(DE-101)119650789</subfield>
      <subfield code="0">(DE-588)119650789</subfield>
      <subfield code="0">https://d-nb.info/gnd/119650789</subfield>
      <subfield code="a">Cyrullus</subfield>
      <subfield code="c">von Alexandrien</subfield>
      <subfield code="4">beza</subfield>
      <subfield code="4">https://d-nb.info/standards/elementset/gnd#acquaintanceshipOrFriendship</subfield>
      <subfield code="w">r</subfield>
      <subfield code="i">Bekanntschaft</subfield>
      <subfield code="e">Bekanntschaft</subfield>
      <subfield code="9">v:VD-16 Mitverf.</subfield>
    </datafield>
    <datafield tag="500" ind1="0" ind2=" ">
      <subfield code="0">(DE-101)118716999</subfield>
      <subfield code="0">(DE-588)118716999</subfield>
      <subfield code="0">https://d-nb.info/gnd/118716999</subfield>
      <subfield code="a">Georgius</subfield>
      <subfield code="c">Trapezuntius</subfield>
      <subfield code="d">1395-1484</subfield>
      <subfield code="4">beza</subfield>
      <subfield code="4">https://d-nb.info/standards/elementset/gnd#acquaintanceshipOrFriendship</subfield>
      <subfield code="w">r</subfield>
      <subfield code="i">Bekanntschaft</subfield>
      <subfield code="e">Bekanntschaft</subfield>
      <subfield code="9">v:VD-16 Mitverf.</subfield>
    </datafield>
    <datafield tag="500" ind1="1" ind2=" ">
      <subfield code="0">(DE-101)119696975</subfield>
      <subfield code="0">(DE-588)119696975</subfield>
      <subfield code="0">https://d-nb.info/gnd/119696975</subfield>
      <subfield code="a">Hagius, Johannes</subfield>
      <subfield code="4">beza</subfield>
      <subfield code="4">https://d-nb.info/standards/elementset/gnd#acquaintanceshipOrFriendship</subfield>
      <subfield code="w">r</subfield>
      <subfield code="i">Bekanntschaft</subfield>
      <subfield code="e">Bekanntschaft</subfield>
      <subfield code="9">v:VD-16 Mitverf.</subfield>
    </datafield>
    <datafield tag="500" ind1="1" ind2=" ">
      <subfield code="0">(DE-101)129833037</subfield>
      <subfield code="0">(DE-588)129833037</subfield>
      <subfield code="0">https://d-nb.info/gnd/129833037</subfield>
      <subfield code="a">Humphrey, Laurence</subfield>
      <subfield code="d">1525-1590</subfield>
      <subfield code="4">beza</subfield>
      <subfield code="4">https://d-nb.info/standards/elementset/gnd#acquaintanceshipOrFriendship</subfield>
      <subfield code="w">r</subfield>
      <subfield code="i">Bekanntschaft</subfield>
      <subfield code="e">Bekanntschaft</subfield>
      <subfield code="9">v:VD-16 Mitverf.</subfield>
    </datafield>
    <datafield tag="500" ind1="0" ind2=" ">
      <subfield code="a">Johannes Cassianus</subfield>
      <subfield code="4">beza</subfield>
      <subfield code="4">https://d-nb.info/standards/elementset/gnd#acquaintanceshipOrFriendship</subfield>
      <subfield code="w">r</subfield>
      <subfield code="i">Bekanntschaft</subfield>
      <subfield code="e">Bekanntschaft</subfield>
      <subfield code="9">v:VD-16 Mitverf.</subfield>
    </datafield>
    <datafield tag="500" ind1="1" ind2=" ">
      <subfield code="0">(DE-101)100174973</subfield>
      <subfield code="0">(DE-588)100174973</subfield>
      <subfield code="0">https://d-nb.info/gnd/100174973</subfield>
      <subfield code="a">Maius, Lucas</subfield>
      <subfield code="d">1522-1598</subfield>
      <subfield code="4">beza</subfield>
      <subfield code="4">https://d-nb.info/standards/elementset/gnd#acquaintanceshipOrFriendship</subfield>
      <subfield code="w">r</subfield>
      <subfield code="i">Bekanntschaft</subfield>
      <subfield code="e">Bekanntschaft</subfield>
      <subfield code="9">v:Römhild; VD-16 Mitverf.</subfield>
    </datafield>
    <datafield tag="500" ind1="1" ind2=" ">
      <subfield code="0">(DE-101)11948370X</subfield>
      <subfield code="0">(DE-588)11948370X</subfield>
      <subfield code="0">https://d-nb.info/gnd/11948370X</subfield>
      <subfield code="a">Musculus, Wolfgang</subfield>
      <subfield code="d">1497-1563</subfield>
      <subfield code="4">beza</subfield>
      <subfield code="4">https://d-nb.info/standards/elementset/gnd#acquaintanceshipOrFriendship</subfield>
      <subfield code="w">r</subfield>
      <subfield code="i">Bekanntschaft</subfield>
      <subfield code="e">Bekanntschaft</subfield>
      <subfield code="9">v:VD-16 Mitverf.</subfield>
    </datafield>
    <datafield tag="548" ind1=" " ind2=" ">
      <subfield code="a">380-444</subfield>
      <subfield code="4">datl</subfield>
      <subfield code="4">https://d-nb.info/standards/elementset/gnd#dateOfBirthAndDeath</subfield>
      <subfield code="w">r</subfield>
      <subfield code="i">Lebensdaten</subfield>
      <subfield code="9">v:Geburtsjahr ca.</subfield>
    </datafield>
    <datafield tag="548" ind1=" " ind2=" ">
      <subfield code="a">03-</subfield>
      <subfield code="4">datu</subfield>
      <subfield code="4">https://d-nb.info/standards/elementset/gnd#udkCode</subfield>
      <subfield code="w">r</subfield>
      <subfield code="i">UDK</subfield>
    </datafield>
    <datafield tag="548" ind1=" " ind2=" ">
      <subfield code="a">04-</subfield>
      <subfield code="4">datu</subfield>
      <subfield code="4">https://d-nb.info/standards/elementset/gnd#udkCode</subfield>
      <subfield code="w">r</subfield>
      <subfield code="i">UDK</subfield>
    </datafield>
    <datafield tag="667" ind1=" " ind2=" ">
      <subfield code="a">12</subfield>
    </datafield>
    <datafield tag="667" ind1=" " ind2=" ">
      <subfield code="a">384</subfield>
    </datafield>
    <datafield tag="667" ind1=" " ind2=" ">
      <subfield code="a">12-PAN</subfield>
    </datafield>
    <datafield tag="667" ind1=" " ind2=" ">
      <subfield code="a">VD-16</subfield>
    </datafield>
    <datafield tag="667" ind1=" " ind2=" ">
      <subfield code="a">VD-17</subfield>
    </datafield>
    <datafield tag="667" ind1=" " ind2=" ">
      <subfield code="a">TITAN</subfield>
    </datafield>
    <datafield tag="667" ind1=" " ind2=" ">
      <subfield code="a">Quelle: DNB-Normdaten (Info DNB: Lebensdaten: |380-444)</subfield>
    </datafield>
    <datafield tag="670" ind1=" " ind2=" ">
      <subfield code="a">PAN; Tusculum-Lexikon; CSGL</subfield>
    </datafield>
    <datafield tag="670" ind1=" " ind2=" ">
      <subfield code="a">Pauly neu</subfield>
    </datafield>
    <datafield tag="672" ind1=" " ind2="0">
      <subfield code="a">Contra impium Iulianum libri X</subfield>
      <subfield code="f">1696</subfield>
    </datafield>
    <datafield tag="672" ind1=" " ind2="0">
      <subfield code="a">S. Cyrilli ... et Joannis Damasceni Argumenta contra Nestorian*</subfield>
      <subfield code="f">1611</subfield>
    </datafield>
    <datafield tag="672" ind1=" " ind2="0">
      <subfield code="a">Divi Cyrilli Alexandriae Episcopi commentariorum in Hesaiam Pr*</subfield>
      <subfield code="f">1563</subfield>
    </datafield>
    <datafield tag="672" ind1=" " ind2="0">
      <subfield code="a">Commentaria in quinque priores Moysis libros</subfield>
      <subfield code="f">1618</subfield>
    </datafield>
    <datafield tag="672" ind1=" " ind2="0">
      <subfield code="a">Epistola ad Eusebium Presbyterum</subfield>
      <subfield code="f">1781</subfield>
    </datafield>
    <datafield tag="672" ind1=" " ind2="0">
      <subfield code="a">Epistola ad Joannem Antiochensem de Theoreti Calumnia</subfield>
      <subfield code="f">1781</subfield>
    </datafield>
    <datafield tag="672" ind1=" " ind2="0">
      <subfield code="a">Locus de S. Trinitate</subfield>
      <subfield code="f">1587</subfield>
    </datafield>
    <datafield tag="672" ind1=" " ind2="0">
      <subfield code="a">Liber de sacrosancta Trinitate</subfield>
      <subfield code="f">1604</subfield>
    </datafield>
    <datafield tag="672" ind1=" " ind2="0">
      <subfield code="a">Opus insigne beati patris Cyrilli in Evangelium Joannis</subfield>
      <subfield code="f">1508</subfield>
    </datafield>
    <datafield tag="672" ind1=" " ind2="0">
      <subfield code="a">Opus insigne beati patris Cyrilli in Evangelium Joannis</subfield>
      <subfield code="f">1514</subfield>
    </datafield>
    <datafield tag="672" ind1=" " ind2="0">
      <subfield code="a">Ad Calosyrium episcopum Arsenoiten adversus anthropomorphitas liber. 1573. (VD16 ZV 4222)</subfield>
    </datafield>
    <datafield tag="672" ind1=" " ind2="0">
      <subfield code="a">Opera. 1566. (VD16 C 6570)</subfield>
    </datafield>
    <datafield tag="672" ind1=" " ind2="0">
      <subfield code="a">De animae decessu. 1590. (VD16 ZV 4223)</subfield>
    </datafield>
    <datafield tag="672" ind1=" " ind2="0">
      <subfield code="a">Johannes Cassianus: Sermo de eo, quod verbum Dei factum sit homo. 1534. (VD16 J 391)</subfield>
    </datafield>
    <datafield tag="672" ind1=" " ind2="0">
      <subfield code="a">SANCTI Cyrilli Archiep̃i Alexãdrini de Animae decessu. de\[que] eius uita altera Sermo. C. ... 1521. (VD16 C 6572)</subfield>
    </datafield>
    <datafield tag="672" ind1=" " ind2="0">
      <subfield code="a">Commentariorum in Isaiam prophetam libri quinque. 1563. (VD16 C 6576)</subfield>
    </datafield>
    <datafield tag="672" ind1=" " ind2="0">
      <subfield code="a">EJn Treffliche Predig, von des Menschen Todt, vnd Juengstem Gericht, durch den Hayligen ... 1583. (VD16 C 6575)</subfield>
    </datafield>
    <datafield tag="672" ind1=" " ind2="0">
      <subfield code="a">Ein treffliche Predigt von des Menschen Todt vnd juengstem Gericht durch den heyligen ... 1572. (VD16 C 6574)</subfield>
    </datafield>
    <datafield tag="672" ind1=" " ind2="0">
      <subfield code="a">In quattuor libros intermedios ... 1528. (VD16 C 6567)</subfield>
    </datafield>
    <datafield tag="672" ind1=" " ind2="0">
      <subfield code="a">In quattuor libros intermedios ... 1528. (VD16 C 6566)</subfield>
    </datafield>
    <datafield tag="678" ind1=" " ind2=" ">
      <subfield code="b">Kirchenlehrer, seit 412 Bischof von Alexandria</subfield>
    </datafield>
    <datafield tag="913" ind1=" " ind2=" ">
      <subfield code="S">pnd</subfield>
      <subfield code="i">5</subfield>
      <subfield code="a">Cyrillus &lt;Alexandrinus&gt;</subfield>
      <subfield code="0">(DE-588a)118523139</subfield>
    </datafield>
    <datafield tag="913" ind1=" " ind2=" ">
      <subfield code="S">pnd</subfield>
      <subfield code="i">5</subfield>
      <subfield code="a">Cyrillus &lt;Alexandrinus&gt;</subfield>
      <subfield code="0">(DE-588a)175198284</subfield>
    </datafield>
  </record>
